<?xml version="1.0" encoding="UTF-8"?><collection xmlns="http://www.loc.gov/MARC21/slim"><record><leader>00510nam--2200181-u-4500</leader><controlfield tag="001">000051294</controlfield><controlfield tag="002">20161230</controlfield><controlfield tag="005">20161230201049</controlfield><controlfield tag="008">080616s1000------------r-----000-0-eng-d</controlfield><datafield ind1=" " ind2=" " tag="040"><subfield code="a">IFIN-HH</subfield></datafield><datafield ind1=" " ind2=" " tag="080"><subfield code="a">517.958</subfield></datafield><datafield ind1="1" ind2=" " tag="100"><subfield code="a">Ladyzhenskoi,O.A.(red.)</subfield></datafield><datafield ind1="1" ind2="0" tag="245"><subfield code="a">Kraevye Zadachi Matematicheskoi Fiziki i Smezhnye Voprosy Teorii Funktsii</subfield></datafield><datafield ind1=" " ind2=" " tag="260"><subfield code="a">Leningrad</subfield><subfield code="b">Nauka</subfield><subfield code="c">1985</subfield></datafield><datafield ind1=" " ind2=" " tag="300"><subfield code="a">208 p</subfield></datafield><datafield ind1=" " ind2=" " tag="490"><subfield code="a">Zapiski Nauchnykh Seminarov Lomi</subfield><subfield code="v">17</subfield></datafield><datafield ind1=" " ind2=" " tag="852"><subfield code="a">48792</subfield><subfield code="c">515/516</subfield></datafield><datafield ind1=" " ind2=" " tag="CAT"><subfield code="a">Sys</subfield><subfield code="c">20080616</subfield><subfield code="h">083625</subfield></datafield></record></collection>